<collection xmlns="http://www.loc.gov/MARC21/slim">
<record>
  <leader>00626nam0a22001691i 450 </leader>
  <controlfield tag="001">IT\ICCU\CNCE\073800</controlfield>
  <controlfield tag="005">20100316000000.0</controlfield>
  <datafield tag="100" ind1=" " ind2=" ">
    <subfield code="a">20090310f15..        0itac0103    ba</subfield>
  </datafield>
  <datafield tag="101" ind1=" " ind2=" ">
    <subfield code="a">ITA</subfield>
  </datafield>
  <datafield tag="102" ind1=" " ind2=" ">
    <subfield code="a">IT</subfield>
  </datafield>
  <datafield tag="200" ind1="1" ind2=" ">
    <subfield code="a">℗La ℗historia di santa Orsola. Con le vndici mila vergini, quali tutte da lei furono conuertite, insieme con alcuni santi huomini, &amp; poi gloriosamente martirizzati</subfield>
  </datafield>
  <datafield tag="210" ind1=" " ind2=" ">
    <subfield code="d">\15..?!</subfield>
  </datafield>
  <datafield tag="215" ind1=" " ind2=" ">
    <subfield code="a">\8! c.</subfield>
    <subfield code="c">ill.</subfield>
    <subfield code="d">4ʻ</subfield>
  </datafield>
  <datafield tag="300" ind1=" " ind2=" ">
    <subfield code="a">ANNULLATA cfr. 22866</subfield>
  </datafield>
  <datafield tag="712" ind1="0" ind2="2">
    <subfield code="a">s.n.</subfield>
    <subfield code="3">IT\ICCU\CNCT\000002</subfield>
    <subfield code="4">650</subfield>
  </datafield>
  <datafield tag="801" ind1=" " ind2="3">
    <subfield code="a">IT</subfield>
    <subfield code="b">ICCU</subfield>
    <subfield code="c">20201115</subfield>
  </datafield>
  <datafield tag="899" ind1=" " ind2=" ">
    <subfield code="a">Archivio storico civico e Biblioteca Trivulziana. Milano</subfield>
    <subfield code="1">MI0327</subfield>
    <subfield code="2">LO1 13</subfield>
  </datafield>
</record>
</collection>
